@article{tzanetakis2002musical,
  title={Musical genre classification of audio signals},
  author={Tzanetakis, George and Cook, Perry},
  journal={IEEE Transactions on speech and audio processing},
  volume={10},
  number={5},
  pages={293--302},
  year={2002},
  publisher={IEEE}
}
@article{wyse2017audio,
  title={Audio spectrogram representations for processing with convolutional neural networks},
  author={Wyse, Lonce},
  journal={arXiv preprint arXiv:1706.09559},
  year={2017}
}
@article{tang2014feature,
  title={Feature selection for classification: A review},
  author={Tang, Jiliang and Alelyani, Salem and Liu, Huan},
  journal={Data classification: Algorithms and applications},
  pages={37},
  year={2014},
  publisher={CRC Press}
}
@article{bahuleyan2018music,
  title={Music Genre Classification using Machine Learning Techniques},
  author={Bahuleyan, Hareesh},
  journal={arXiv preprint arXiv:1804.01149},
  year={2018}
}
@article{simonyan2014very,
  title={Very deep convolutional networks for large-scale image recognition},
  author={Simonyan, Karen and Zisserman, Andrew},
  journal={arXiv preprint arXiv:1409.1556},
  year={2014}
}
@article{lecun2015lenet,
  title={LeNet-5, convolutional neural networks},
  author={LeCun, Yann and others},
  journal={URL: http://yann. lecun. com/exdb/lenet},
  pages={20},
  year={2015}
}
@article{kingma2014adam,
  title={Adam: A method for stochastic optimization},
  author={Kingma, Diederik P and Ba, Jimmy},
  journal={arXiv preprint arXiv:1412.6980},
  year={2014}
}
@inproceedings{mckay2004issues,
  title={Issues in Automatic Musical Genre Classification},
  author={McKay, Cory}
}